<?xml version="1.0" encoding="UTF-8"?><collection xmlns="http://www.loc.gov/MARC21/slim"><record><leader>00497nam--2200145-i-4500</leader><controlfield tag="001">000012835</controlfield><controlfield tag="002">20161230</controlfield><controlfield tag="005">20170306182220</controlfield><controlfield tag="008">060222s1000------------r-----000-0-eng-d</controlfield><datafield ind1=" " ind2=" " tag="100"><subfield code="a">Buscarlet, Eric</subfield></datafield><datafield ind1=" " ind2=" " tag="245"><subfield code="a">Composes d insertion graphite-fluorure de titane, de vanadium et de chrome et leurs applications comme electrodes de generateurs electrochimique</subfield><subfield code="b">these</subfield></datafield><datafield ind1=" " ind2=" " tag="260"><subfield code="a">Grenoble</subfield><subfield code="b">Inst.National Polytechnique</subfield><subfield code="c">1976</subfield></datafield><datafield ind1=" " ind2=" " tag="300"><subfield code="a">119 p</subfield></datafield><datafield ind1=" " ind2=" " tag="852"><subfield code="a">541.13(043)</subfield></datafield><datafield ind1=" " ind2=" " tag="CAT"><subfield code="a">SYS</subfield><subfield code="c">20170306</subfield><subfield code="h">182220</subfield></datafield></record></collection>